@misc{hill1965environment,
  title={The environment and disease: association or causation?},
  author={Hill, Austin Bradford},
  year={1965},
  publisher={SAGE Publications}
}

@inproceedings{luke2002perfect,
  title={Is the perfect the enemy of the good?},
  author={Luke, Sean and Panait, Liviu},
  booktitle={Proceedings of the 4th Annual Conference on Genetic and Evolutionary Computation},
  pages={820--828},
  year={2002},
  organization={Morgan Kaufmann Publishers Inc.}
}

@article{sui2005strategic,
  title={Strategic quality management for the construction industry},
  author={Sui Pheng, Low and Hui Hong, Sze},
  journal={The TQM Magazine},
  volume={17},
  number={1},
  pages={35--53},
  year={2005},
  publisher={Emerald Group Publishing Limited}
}

@book{casella2002statistical,
  title={Statistical inference},
  author={Casella, George and Berger, Roger L},
  volume={2},
  year={2002},
  publisher={Duxbury Pacific Grove, CA}
}